\usepackage[utf8]{inputenc}
\usepackage[french]{babel}

@Book{Taine1866,
	author={Taine, Hippolyte},
	title={Voyage en Italie},
	year={1866},
}

@Book{James1909,
	author={James, Henry},
	title={Heures italiennes},
	year={1909},
}

@Book{Barbaro1990,
	author={Barbaro, Paolo},
	title={Lunaisons vénitiennes},
	year={1990},
}

@Book{Turner1843,
	author={Turner, Joseph Mallord William},
	title={Illusions de l'espoir},
	year={1843},
}

@incollection{Sartre1964,
	author={Sartre, Jean-Paul},
	title={Venise, de ma fenêtre},
	booktitle={Situations IV},
	year={1964},
}

@Book{Goncourt1855,
	author={de Goncourt, Edmond et Jules},
	title={L'Italie d'hier -- Notes de voyages},
	year={1855-1856},
}

@Book{Vircondelet1979,
	author={Vircondelet, Alain},
	title={Amore Veneziano},
	year={1979},
}

@Book{Giono1954,
	author={Giono, Jean},
	title={Voyage en Italie},
	year={1954},
}

@Book{Gautier1852,
	author={Gautier, Théophile},
	title={Voyage en Italie -- ITALIA},
	year={1852},
}
@Book{Sartre1952,
	author={Sartre, Jean-Paul},
	title={La Reine Albemarle ou le dernier touriste},
	year={1952},
}

@Book{Mann1947,
	author={Mann, Thomas},
	title={La mort à Venise},
	year={1947},
	publisher={Fayard},
	note={traduit de l'allemand par Félix Bertaux, Geneviève Bianquis et Charles Sigwalt},
}
@incollection{Proust1927,
	author={Proust, Marcel},
	booktitle={A la recherche du temps perdu VI, Albertine disparue},
	chapter={III},
	year={1927},
}
@Book{DAnnunzio1899,
	author={D'Annunzio, Gabriele},
	title={Le Feu},
	year={1899},
}

@Book{Régnier1906,
	author={de Régnier, Henri},
	title={L'Altana ou la vie vénitienne},
	year={1906},
}
@Book{Régnier1924,
	author={de Régnier, Henri},
	title={L'Altana ou la vie vénitienne},
	year={1899-1924},
}
@Book{Suares1910,
	author={Suarès, André},
	title={Voyage du Condottiere -- Vers Venise},
	year={1910},
}
@Book{Melville1856,
	author={Melville, Herman},
	title={Carnets de voyage},
	year={1856-1857},
}
@Book{Morand1971,
	author={Morand, Paul},
	title={Venises},
	year={1971},
}
@Book{Hesse1901,
	author={Hesse, Hermann},
	title={Voyages en Italie},
	year={1901},
}
@incollection{LAretin1537,
	author={L'Arétin},
	title={Que n'es-tu là, Titien !},
	booktitle={Lettres},
	year={1537-1557},
}
@Book{,
	author={},
	title={},
	year={},
}
@Book{,
	author={},
	title={},
	year={},
}
@Book{,
	author={},
	title={},
	year={},
}
@Book{,
	author={},
	title={},
	year={},
}
@Book{,
	author={},
	title={},
	year={},
}
@Book{,
	author={},
	title={},
	year={},
}
@Book{,
	author={},
	title={},
	year={},
}
@Book{,
	author={},
	title={},
	year={},
}
